%% This BibTeX bibliography file was created using BibDesk.
%% https://bibdesk.sourceforge.io/

%% Created for 谷口尚平 at 2019-01-28 19:27:08 +0900 

@inproceedings{hafner2019planet,
  title={Learning Latent Dynamics for Planning from Pixels},
  author={Hafner, Danijar and Lillicrap, Timothy and Fischer, Ian and Villegas, Ruben and Ha, David and Lee, Honglak and Davidson, James},
  booktitle={International Conference on Machine Learning},
  pages={2555--2565},
  year={2019}
}

@misc{kingma2013autoencoding,
    title={Auto-Encoding Variational Bayes},
    author={Diederik P Kingma and Max Welling},
    year={2013},
    eprint={1312.6114},
    archivePrefix={arXiv},
    primaryClass={stat.ML}
}

@misc{ebert2018visual,
    title={Visual Foresight: Model-Based Deep Reinforcement Learning for Vision-Based Robotic Control},
    author={Frederik Ebert and Chelsea Finn and Sudeep Dasari and Annie Xie and Alex Lee and Sergey Levine},
    year={2018},
    eprint={1812.00568},
    archivePrefix={arXiv},
    primaryClass={cs.RO}
}

@misc{denton2018stochastic,
    title={Stochastic Video Generation with a Learned Prior},
    author={Emily Denton and Rob Fergus},
    year={2018},
    eprint={1802.07687},
    archivePrefix={arXiv},
    primaryClass={cs.CV}
}

@misc{villegas2019high,
    title={High Fidelity Video Prediction with Large Stochastic Recurrent Neural Networks},
    author={Ruben Villegas and Arkanath Pathak and Harini Kannan and Dumitru Erhan and Quoc V. Le and Honglak Lee},
    year={2019},
    eprint={1911.01655},
    archivePrefix={arXiv},
    primaryClass={cs.CV}
}

@article{krishnan2015deep,
  title={Deep Kalman Filters.(2015)},
  author={Krishnan, Rahul G and Shalit, Uri and Sontag, David},
  journal={arXiv preprint arXiv:1511.05121},
  year={2015}
}

@inproceedings{krishnan2017structured,
  title={Structured inference networks for nonlinear state space models},
  author={Krishnan, Rahul G and Shalit, Uri and Sontag, David},
  booktitle={Thirty-First AAAI Conference on Artificial Intelligence},
  year={2017}
}
