%% This BibTeX bibliography file was created using BibDesk.
%% https://bibdesk.sourceforge.io/

%% Created for 谷口尚平 at 2019-01-28 19:27:08 +0900 

% generalist robot
@article{escudero2015distance,
  title={Distance-based kernels for dynamical movement primitives},
  author={Escudero-Rodrigo, Diego and Alqu{\'e}zar Mancho, Renato},
  year={2015},
  publisher={IOS Press}
}

@inproceedings{hafner2019planet,
  title={Learning Latent Dynamics for Planning from Pixels},
  author={Hafner, Danijar and Lillicrap, Timothy and Fischer, Ian and Villegas, Ruben and Ha, David and Lee, Honglak and Davidson, James},
  booktitle={International Conference on Machine Learning},
  pages={2555--2565},
  year={2019}
}
@misc{hafner2019dream,
    title={Dream to Control: Learning Behaviors by Latent Imagination},
    author={Danijar Hafner and Timothy Lillicrap and Jimmy Ba and Mohammad Norouzi},
    year={2019},
    eprint={1912.01603},
    archivePrefix={arXiv},
    primaryClass={cs.LG}
}

@misc{oh2015actionconditional,
    title={Action-Conditional Video Prediction using Deep Networks in Atari Games},
    author={Junhyuk Oh and Xiaoxiao Guo and Honglak Lee and Richard Lewis and Satinder Singh},
    year={2015},
    eprint={1507.08750},
    archivePrefix={arXiv},
    primaryClass={cs.LG}
}

@misc{finn2016unsupervised,
    title={Unsupervised Learning for Physical Interaction through Video Prediction},
    author={Chelsea Finn and Ian Goodfellow and Sergey Levine},
    year={2016},
    eprint={1605.07157},
    archivePrefix={arXiv},
    primaryClass={cs.LG}
}

@misc{babaeizadeh2017stochastic,
    title={Stochastic Variational Video Prediction},
    author={Mohammad Babaeizadeh and Chelsea Finn and Dumitru Erhan and Roy H. Campbell and Sergey Levine},
    year={2017},
    eprint={1710.11252},
    archivePrefix={arXiv},
    primaryClass={cs.CV}
}

@misc{kingma2013autoencoding,
    title={Auto-Encoding Variational Bayes},
    author={Diederik P Kingma and Max Welling},
    year={2013},
    eprint={1312.6114},
    archivePrefix={arXiv},
    primaryClass={stat.ML}
}

@misc{ebert2018visual,
    title={Visual Foresight: Model-Based Deep Reinforcement Learning for Vision-Based Robotic Control},
    author={Frederik Ebert and Chelsea Finn and Sudeep Dasari and Annie Xie and Alex Lee and Sergey Levine},
    year={2018},
    eprint={1812.00568},
    archivePrefix={arXiv},
    primaryClass={cs.RO}
}

@misc{denton2018stochastic,
    title={Stochastic Video Generation with a Learned Prior},
    author={Emily Denton and Rob Fergus},
    year={2018},
    eprint={1802.07687},
    archivePrefix={arXiv},
    primaryClass={cs.CV}
}

@misc{villegas2019high,
    title={High Fidelity Video Prediction with Large Stochastic Recurrent Neural Networks},
    author={Ruben Villegas and Arkanath Pathak and Harini Kannan and Dumitru Erhan and Quoc V. Le and Honglak Lee},
    year={2019},
    eprint={1911.01655},
    archivePrefix={arXiv},
    primaryClass={cs.CV}
}

% DSSM
@article{krishnan2015deep,
  title={Deep Kalman Filters.(2015)},
  author={Krishnan, Rahul G and Shalit, Uri and Sontag, David},
  journal={arXiv preprint arXiv:1511.05121},
  year={2015}
}

@inproceedings{krishnan2017structured,
  title={Structured inference networks for nonlinear state space models},
  author={Krishnan, Rahul G and Shalit, Uri and Sontag, David},
  booktitle={Thirty-First AAAI Conference on Artificial Intelligence},
  year={2017}
}

@misc{ha1803world,
  title={World models (2018)},
  author={Ha, David and Schmidhuber, J{\"u}rgen},
  year={1803}
}

@misc{chalapathy2019deep,
    title={Deep Learning for Anomaly Detection: A Survey},
    author={Raghavendra Chalapathy and Sanjay Chawla},
    year={2019},
    eprint={1901.03407},
    archivePrefix={arXiv},
    primaryClass={cs.LG}
}

% DRAW
@misc{gregor2015draw,
    title={DRAW: A Recurrent Neural Network For Image Generation},
    author={Karol Gregor and Ivo Danihelka and Alex Graves and Danilo Jimenez Rezende and Daan Wierstra},
    year={2015},
    eprint={1502.04623},
    archivePrefix={arXiv},
    primaryClass={cs.CV}
}

% PGGAN
@misc{karras2017progressive,
    title={Progressive Growing of GANs for Improved Quality, Stability, and Variation},
    author={Tero Karras and Timo Aila and Samuli Laine and Jaakko Lehtinen},
    year={2017},
    eprint={1710.10196},
    archivePrefix={arXiv},
    primaryClass={cs.NE}
}

% FutureGAN
@article{Aigner_2019,
   title={FUTUREGAN: ANTICIPATING THE FUTURE FRAMES OF VIDEO SEQUENCES USING SPATIO-TEMPORAL 3D CONVOLUTIONS IN PROGRESSIVELY GROWING GANS},
   volume={XLII-2/W16},
   ISSN={2194-9034},
   url={http://dx.doi.org/10.5194/isprs-archives-xlii-2-w16-3-2019},
   DOI={10.5194/isprs-archives-xlii-2-w16-3-2019},
   journal={ISPRS - International Archives of the Photogrammetry, Remote Sensing and Spatial Information Sciences},
   publisher={Copernicus GmbH},
   author={Aigner, S. and Körner, M.},
   year={2019},
   month={Sep},
   pages={3–11}
}

% VRNN
@misc{castrejon2019improved,
    title={Improved Conditional VRNNs for Video Prediction},
    author={Lluis Castrejon and Nicolas Ballas and Aaron Courville},
    year={2019},
    eprint={1904.12165},
    archivePrefix={arXiv},
    primaryClass={cs.CV}
}

% BAIR Push Dataset
@misc{ebert2017selfsupervised,
    title={Self-Supervised Visual Planning with Temporal Skip Connections},
    author={Frederik Ebert and Chelsea Finn and Alex X. Lee and Sergey Levine},
    year={2017},
    eprint={1710.05268},
    archivePrefix={arXiv},
    primaryClass={cs.RO}
}

% Adam
@misc{kingma2014adam,
    title={Adam: A Method for Stochastic Optimization},
    author={Diederik P. Kingma and Jimmy Ba},
    year={2014},
    eprint={1412.6980},
    archivePrefix={arXiv},
    primaryClass={cs.LG}
}

@misc{pytorch,
title = {Pytorch},
note = "\url{https://pytorch.org/}",
}

@misc{pixyz,
title = {Pixyz},
note = "\url{https://github.com/masa-su/pixyz/}",
}

@misc{tensorflow,
title = {TensorFlow},
note = "\url{https://www.tensorflow.org/}",
}

@misc{planet,
title = {Deep Planning Network},
note = "\url{https://github.com/google-research/planet}",
}

% R2D2
@article{kapturowski2018recurrent,
  title={Recurrent experience replay in distributed reinforcement learning},
  author={Kapturowski, Steven and Ostrovski, Georg and Quan, John and Munos, Remi and Dabney, Will},
  year={2018}
}

% GAN
@misc{goodfellow2014generative,
    title={Generative Adversarial Networks},
    author={Ian J. Goodfellow and Jean Pouget-Abadie and Mehdi Mirza and Bing Xu and David Warde-Farley and Sherjil Ozair and Aaron Courville and Yoshua Bengio},
    year={2014},
    eprint={1406.2661},
    archivePrefix={arXiv},
    primaryClass={stat.ML}
}

% GQN
@article{eslami2018neural,
  title={Neural scene representation and rendering},
  author={Eslami, SM Ali and Rezende, Danilo Jimenez and Besse, Frederic and Viola, Fabio and Morcos, Ari S and Garnelo, Marta and Ruderman, Avraham and Rusu, Andrei A and Danihelka, Ivo and Gregor, Karol and others},
  journal={Science},
  volume={360},
  number={6394},
  pages={1204--1210},
  year={2018},
  publisher={American Association for the Advancement of Science}
}

% Temporal GQN
@misc{singh2019sequential,
    title={Sequential Neural Processes},
    author={Gautam Singh and Jaesik Yoon and Youngsung Son and Sungjin Ahn},
    year={2019},
    eprint={1906.10264},
    archivePrefix={arXiv},
    primaryClass={cs.LG}
}

% TCN
@article{Sermanet_2018,
   title={Time-Contrastive Networks: Self-Supervised Learning from Video},
   ISBN={9781538630815},
   url={http://dx.doi.org/10.1109/ICRA.2018.8462891},
   DOI={10.1109/icra.2018.8462891},
   journal={2018 IEEE International Conference on Robotics and Automation (ICRA)},
   publisher={IEEE},
   author={Sermanet, Pierre and Lynch, Corey and Chebotar, Yevgen and Hsu, Jasmine and Jang, Eric and Schaal, Stefan and Levine, Sergey and Brain, Google},
   year={2018},
   month={May}
}

% そばのシミュレーション
@article{fei2019multi,
  title={A multi-scale model for coupling strands with shear-dependent liquid},
  author={Fei, Yun and Batty, Christopher and Grinspun, Eitan and Zheng, Changxi},
  journal={ACM Transactions on Graphics (TOG)},
  volume={38},
  number={6},
  pages={1--20},
  year={2019},
  publisher={ACM New York, NY, USA}
}

% making the world differentiable
@article{schmidhuber1990making,
  title={Making the world differentiable: On using fully recurrent self-supervised neural networks for dynamic reinforcement learning and planning in non-stationary environments},
  author={Schmidhuber, J{\"u}rgen},
  journal={Institut f{\"u}r Informatik, Technische Universit{\"a}t M{\"u}nchen. Technical Report FKI-126},
  volume={90},
  year={1990}
}